<record><leader>00000cas a2200000 a 4500</leader><controlfield tag="001">12990326</controlfield><controlfield tag="008">860108d18581861ksuwr ne      0    0eng c</controlfield><datafield ind1=" " ind2=" " tag="010"><subfield code="a">sn 85032371 </subfield></datafield><datafield ind1=" " ind2=" " tag="040"><subfield code="a">KSH</subfield><subfield code="b">eng</subfield><subfield code="c">KSH</subfield><subfield code="d">NPT</subfield><subfield code="d">OCL</subfield><subfield code="d">OCLCQ</subfield><subfield code="d">CUI</subfield><subfield code="d">OCLCQ</subfield><subfield code="d">OCLCF</subfield></datafield><datafield ind1="1" ind2=" " tag="029"><subfield code="a">AU@</subfield><subfield code="b">000022165557</subfield></datafield><datafield ind1=" " ind2=" " tag="042"><subfield code="a">pcc</subfield></datafield><datafield ind1=" " ind2=" " tag="043"><subfield code="a">n-us-ks</subfield></datafield><datafield ind1=" " ind2="4" tag="050"><subfield code="a">AN</subfield></datafield><datafield ind1="0" ind2=" " tag="130"><subfield code="a">Commercial gazette (Wyandotte, Kan.)</subfield></datafield><datafield ind1="1" ind2="4" tag="245"><subfield code="a">The commercial gazette.</subfield></datafield><datafield ind1=" " ind2=" " tag="260"><subfield code="a">Wyandotte, Kan. :</subfield><subfield code="b">S.D. MacDonald,</subfield><subfield code="c">-1861.</subfield></datafield><datafield ind1=" " ind2=" " tag="300"><subfield code="a">v. ;</subfield><subfield code="c">61 cm.</subfield></datafield><datafield ind1=" " ind2=" " tag="310"><subfield code="a">Weekly</subfield></datafield><datafield ind1="0" ind2=" " tag="362"><subfield code="a">-v. 2, no. 23 (Jan. 19, 1861).</subfield></datafield><datafield ind1="1" ind2=" " tag="362"><subfield code="a">Began in 1858?</subfield></datafield><datafield ind1=" " ind2=" " tag="500"><subfield code="a">Published by: MacDonald &amp; Taylor, Aug. 25-Sept. 29, 1860; R.B. Taylor, Oct. 6, 1860-Jan. 19, 1861.</subfield></datafield><datafield ind1=" " ind2=" " tag="500"><subfield code="a">"Republican ... favor making Kansas a free state."</subfield></datafield><datafield ind1=" " ind2=" " tag="580"><subfield code="a">Also issued in a daily edition called: Wyandotte daily commercial gazette.</subfield></datafield><datafield ind1=" " ind2=" " tag="588"><subfield code="a">Description based on: Vol. 1, no. 38 (June 4, 1859).</subfield></datafield><datafield ind1=" " ind2="0" tag="651"><subfield code="a">Wyandotte (Kan.)</subfield><subfield code="v">Newspapers.</subfield></datafield><datafield ind1=" " ind2="0" tag="651"><subfield code="a">Wyandotte County (Kan.)</subfield><subfield code="v">Newspapers.</subfield></datafield><datafield ind1=" " ind2="7" tag="655"><subfield code="a">Newspapers.</subfield><subfield code="2">fast</subfield><subfield code="0">(OCoLC)fst01423814</subfield></datafield><datafield ind1=" " ind2="7" tag="651"><subfield code="a">Kansas</subfield><subfield code="z">Wyandotte.</subfield><subfield code="2">fast</subfield><subfield code="0">(OCoLC)fst01287244</subfield></datafield><datafield ind1=" " ind2="7" tag="651"><subfield code="a">Kansas</subfield><subfield code="z">Wyandotte County.</subfield><subfield code="2">fast</subfield><subfield code="0">(OCoLC)fst01212996</subfield></datafield><datafield ind1=" " ind2=" " tag="752"><subfield code="a">United States</subfield><subfield code="b">Kansas</subfield><subfield code="c">Wyandotte</subfield><subfield code="d">Wyandotte.</subfield></datafield><datafield ind1="0" ind2="0" tag="785"><subfield code="t">Wyandotte commercial gazette</subfield><subfield code="w">(DLC)sn 85032366</subfield><subfield code="w">(OCoLC)12990348</subfield></datafield></record>